@book{testRef,
  author    = {John Doe},
  title     = {Introducción a la Electrónica},
  publisher = {Editorial Académica},
  year      = {2020},
}